@misc{habr_proxmox,
  author = {Nikolai Rubanov},
  title = {The Magic of Virtualization: Proxmox VE Introductory Course},
  year = {15. květan 2020},
  howpublished = "\url{https://habr.com/en/companies/selectel/articles/501974/}",
}

@article{oleksiuk_proxmox_academic_cloud,
  author = {Vasyl Oleksiuk},
  title = {The Practice of Developing the Academic Cloud Using the Proxmox VE Platform},
  year = {2023},
  journal = {ResearchGate},
  url = {https://www.researchgate.net/profile/Vasyl-Oleksiuk-2/publication/361838936_The_practice_of_developing_the_academic_cloud_using_the_Proxmox_VE_platform},
}


@online{proxmox_wikipedia_cs,
  author = {Wikipedia},
  title = {Proxmox Virtual Environment (Česká verze)},
  year = {Poslední aktualizace: 17. června 2022},
  url = {https://cs.wikipedia.org/wiki/Proxmox_Virtual_Environment},
}

@online{proxmox_wikipedia_en,
  author = {Wikipedia},
  title = {Proxmox VE (Anglická verze)},
  year = {Poslední aktualizace: 3. prosince 2023},
  url = {https://en.wikipedia.org/wiki/Proxmox_VE},
}

@online{proxmox_proxmoxcom,
  author = {Proxmox Server Solutions GmbH},
  title = {Proxmox Virtual Environment - Přehled},
  year = {Poslední aktualizace: 23. lispodadu 2023},
  url = {https://www.proxmox.com/en/proxmox-virtual-environment/overview},
}
